@article{D1,
    author  = "Hossein Darvishi;Mohammad Ali Sebt;Hossein Darvishi.",
    title   = "{T}arget and Image Elevation Angles Separation Algorithm for Low-Angle Tracking with Monopulse Antenna({ICEE})",
    year    = "2020",
    journal = "28th Iranian Conference on Electrical Engineering",
    volume  = "01",
    number  = "1",
    pages   = "342--351"
}
